@MastersThesis{Simek_bakalarka,
	author = {Jiří ŠIMEK},
	title = {Transformace výrazů z Editoru Rovnic do LaTeXu},
	school = {Vysoké učení technické v Brně. Fakulta informačních technologií. Ústav informačních
		systémů},
	year = {2009},
	type = {Bakalářská práce},
}

@MastersThesis{Sokol_diplomovka,
	author = {Miroslav SOKOL},
	title = {Online LaTeX editor},
	school = {Vysoké učení technické v Brně. Fakulta informačních technologií. Ústav počítačové
		grafiky a multimédií},
	year = {2012},
	type = {Diplomová práce},
}

@InBook{LaTeX_companion,
	title = {The Latex Companion},
	edition = {2nd ed.},
	address = {Boston},
	author = {Mittelbach, Frank.l},
	publisher = {Addison-Wesley},
	isbn = {0-201-36299-6},
	year = {2004},
}

@InBook{LaTeX_pro_zacatecniky,
	title = {Latex pro začátečníky},
	edition = {3. vyd.},
	address = {Brno},
	author = {Rybička, Jiří},
	publisher = {Konvoj},
	isbn = {80-7302-049-1},
	year = {2003},
}

@Misc{Sopuch_online,
	author = {Pavel SOPUCH},
	title = {LaTeX v kostce},
	howpublished = {[online]},
	year = {20. leden 2001},
	note = {[vid. 2019-04-15]},
	url = {http://www.it.cas.cz/manual/latex/a.html},
}

@Misc{LaTeX_tutorial,
	author = {Claudio VELLAGE},
	title = {LaTeX-Tutorial.com: Beautiful typesetting made simple.},
	howpublished = {[online]},
	year = {2018},
	note = {[vid. 2019-04-15]},
	url = {https://www.latex-tutorial.com/tutorials/amsmath/},
}

@Misc{LaTeX_popular,
	author = {Marko KOVIC},
	title = {Why I write with LaTeX (and why you should too)},
	howpublished = {[online]},
	year = {26. červen 2017},
	note = {[vid. 2019-04-15]},
	url = {https://medium.com/@marko_kovic/why-i-write-with-latex-and-why-you-should-too-ba6a764fadf9},
}

@article{LaTeX_digital,
	title = {Digital Typography Using LaTeX},
	address = {Washington},
	author = {Damrau, Jackie},
	url = {http://search.proquest.com/docview/220960050/},
	issn = {00493155},
	abstract = {Damrau reviews Digital Typography Using LaTeX by Apostolos Syropoulos, Antonis Tsolomitis, and Nick Sofroniou.},
	journal = {Technical Communication},
	pages = {302--304},
	volume = {51},
	publisher = {Society for Technical Communication},
	number = {2},
	year = {2004},
}


@article{TeX_pro_pragmatiky,
	title = {TeX pro pragmatiky},
	author = {Olšák, Petr},
	issn = {1211-6661},
	journal = {Zpravodaj Československého sdružení uživatelů TeXu},
	pages = {1--148},
	volume = {24},
	number = {1-4},
	year = {2014},
}

@article{LaTeX_Educational,
	title = {CREATION OF EDUCATIONAL PRESENTATIONS FROM MATHEMATICS IN TYPESETTING SYSTEM LATEX},
	address = {Olomouc},
	author = {Polásek, Vladimír and Sedlácek, Lubomír},
	url = {http://search.proquest.com/docview/1151964813/},
	issn = {1803537X},
	abstract = {In this paper we deal with making electronic presentations containing mathematical text and created using typesetting system LaTeX. Apart from a brief description of the typesetting system, we present here an overview of basic LaTeX classes, designed to create electronic presentations. As the most sophisticated class, we show Beamer class in more details. [PUBLICATION ABSTRACT]},
	journal = {Journal of Technology and Information Education},
	pages = {97--102},
	volume = {4},
	publisher = {Univerzity Palackeho v Olomouci},
	number = {1},
	year = {2012},
}







